@misc{Pohlmann2019,
abstract = {IT ist Motor und Basis f{\"{u}}r das Wohlergehen unserer modernen und globalen Informations- und Wissensgesellschaft. Wir m{\"{u}}ssen jedoch feststellen, dass die Cyber-Sicherheitsprobleme jedes Jahr gr{\"{o}}{\ss}er anstatt kleiner werden. Eine wichtige Erkenntnis ist, dass die IT-Architekturen unserer Endger{\"{a}}te, Server und Netzkomponenten nicht sicher genug konzipiert und aufgebaut sind, um den F{\"{a}}higkeiten von intelligenten Hackern Stand zu halten. T{\"{a}}glich k{\"{o}}nnen wir den Medien entnehmen, wie sich kriminelle Hacker die unzureichende Qualit{\"{a}}t der Software f{\"{u}}r erfolgreiche Angriffe zu Nutze machen, Malware installieren, Passw{\"{o}}rter sowie Identit{\"{a}}ten stehlen und unsere Endger{\"{a}}te ausspionieren. F{\"{u}}r eine erfolgreiche Zukunft unserer modernen Gesellschaft ist es entscheidend, eine angemessene, sichere und vertrauensw{\"{u}}rdige IT zu gestalten. Dieses Lehrbuch zeigt, welche Cyber-Sicherheitssysteme, -architekturen, -konzepte, -prinzipien, -mechanismen und -protokolle dabei helfen k{\"{o}}nnen. Es vermittelt gut verst{\"{a}}ndlich und leicht lesbar profundes Wissen zur Cyber-Sicherheit. Durch zahlreiche {\"{U}}bungsaufgaben ist das Buch sowohl f{\"{u}}r Studierende der Informatik und verwandter Fachrichtungen, Auszubildende im Bereich Fachinformatiker wie auch f{\"{u}}r Mitarbeiter aller Branchen geeignet, die sich mit Digitalisierung besch{\"{a}}ftigen. Der Autor Norbert Pohlmann ist Informatikprofessor f{\"{u}}r Verteilte Systeme und Informationssicherheit im Fachbereich Informatik und Leiter des Instituts f{\"{u}}r Internet-Sicherheit – if(is) an der Westf{\"{a}}lischen Hochschule Gelsenkirchen. Er ist Vorstandsvorsitzender des Bundesverbands f{\"{u}}r IT-Sicherheit – TeleTrusT und Mitglied des Vorstandes des Verbands der Internetwirtschaft – eco. Prof. Pohlmann war Gastprofessor an der Stanford University, USA und wurde als „Professor des Jahres 2011“ ausgezeichnet. Zahlreiche Fachartikel und mehrerer B{\"{u}}cher sowie viele Herausgeberschaften dokumentieren seine Fachkompetenz und sein Engagement auf dem Gebiet Cyber-Sicherheit},
address = {Wiesbaden},
annote = {1 Online-Ressource (XXVI, 594 Seiten)},
author = {Pohlmann, Norbert},
isbn = {978-3-6582-5398-1},
keywords = {Data protection. Information systems. Security},
publisher = {Springer Vieweg},
series = {Springer eBooks. Computer Science and Engineering},
title = {{Cyber-Sicherheit: das Lehrbuch f{\"{u}}r Konzepte, Prinzipien, Mechanismen, Architekturen und Eigenschaften von Cyber-Sicherheitssystemen in der Digitalisierung}},
url = {http://swbplus.bsz-bw.de/bsz1671012046cov.htm},
year = {2019}}

@online{CloudflareBlackhole,
	Author = {Cloudflare},
	Title = {{Was ist DDoS-Blackhole-Routing?}},
	Url = {https://www.cloudflare.com/de-de/learning/ddos/glossary/ddos-blackhole-routing/},
	Urldate = {2020-08-05}}
	
@online{BernsteinSYN,
	Author = {Daniel Julius Bernstein},
	Title = {{SYN Cookies}},
	Url = {http://cr.yp.to/syncookies.html},
	Urldate = {2020-08-05}}
	
@online{WikipediaDoS,
	Author = {Wikipedia},
	Title = {{Denial-of-service attack}},
	Url = {https://en.wikipedia.org/wiki/Denial-of-service_attack},
	Urldate = {2020-08-06}}
	
@article{Kaimal2019,
abstract = {Distributed denial of service attack has caused major security problems all over the world. Be it small systems, or large organizations, DDoS attack can have severe impact on their functioning. It is a method used by the attacker to suspend services to that system for a period of time so that legitimate users cannot access services. Many techniques have been developed to reduce the effect of DDoS attack on the system. In this paper, we study about two different methods used to detect and prevent DDoS attacks: Blackholing and Sinkholing. The purpose of this study is to identify when to use blackholing and when to use sinkholing.},
author = {Kaimal, Anjali B and Unnikrishnan, Aravind and Namboothiri, Leena Vishnu},
journal = {International Journal of Innovative Technology and Exploring Engineering (IJITEE)},
keywords = {Blackholing,DDOS,DOS,Sinholing},
mendeley-tags = {Blackholing,Sinholing,DOS,DDOS},
number = {7C2},
pages = {15--17},
title = {{Blackholing VS. Sinkholing: a Comparative Analysis}},
volume = {8},
year = {2019}}

@online{Mirai,
	Author = {Jäger, Moritz and Schmitz, Peter},
	Title = {{Massive DDoS-Angriffe im Terabit-Bereich drohen}},
	Url = {https://www.security-insider.de/massive-ddos-angriffe-im-terabit-bereich-drohen-a-554124/},
	Month = {10},
	Year = {2016},
	Urldate = {2020-08-07}}
